    @website{CommonCrawlDatabase,
      author =       "Sebastian Nagel",
      title =        "Databáze Common Crawl",
      howpublished = "online",
      url =          "https://commoncrawl.org/2020/11/october-2020-crawl-archive-now-available/",
      year =         "2020",
      cited =        "2020-11-19"
    }
    
    @website{WikipediaSize,
      author =       "Wikipedia",
      title =        "Wikipedia:Size of Wikipedia",
      howpublished = "online",
      url =          "https://en.wikipedia.org/wiki/Wikipedia:Size_of_Wikipedia",
      year =         "2020",
      cited =        "2020-11-19"
    }
    
    @MASTERSTHESIS{SEC,
      author = {Jan Doležal},
      type = {Diplomová práce},
      title = {Komponent pro sémantické obohacení},
      school = {Vysoké učení technické v Brně, Fakulta informačních technologií},
      year = {2018},
      location = {Brno, CZ},
      language = {czech},
      url = {https://www.vutbr.cz/www_base/zav_prace_soubor_verejne.php?file_id=180721}
    }
    
    @MASTERSTHESIS{Indexace,
      author = {David Kozák},
      type = {Diplomová práce},
      title = {Indexace rozsáhlých textových dat a vyhledávání v zaindexovaných datech},
      school = {Vysoké učení technické v Brně, Fakulta informačních technologií},
      year = {2020},
      location = {Brno, CZ},
      language = {english},
      url = {https://www.fit.vut.cz/study/thesis-file/22961/22961.pdf}
    }
    
    @website{PsshManPage,
      author =       "Brent N. Chun and Andrew McNabb",
      title =        "Program parallel ssh",
      howpublished = "online",
      year =         "2020",
      url =          "https://linux.die.net/man/1/pssh",
      cited =        "2020-11-16"
    }
    
    @website{SshManPage,
      author =       "Brent N. Chun and Andrew McNabb",
      title =        "SSH klient",
      howpublished = "online",
      year =         "2020",
      url =          "https://linux.die.net/man/1/ssh",
      cited =        "2020-11-16"
    }
    
     @website{KnotParallelProcessing,
      author =       "\todo{??}Výzkumná skupina znalostních technologií",
      title =        "Stahování, zpracování a indexování rozsáhlých textových korpusů ve Výzkumné skupině znalostních technologií",
      howpublished = "online",
      url =          "http://knot.fit.vutbr.cz/corpproc/corpproc_cs.html",
      year =         "2020",
      cited =        "2020-11-19"
    }
    
    @BOOK{existTools_MapReduce,
      author =       "Thomas Sterling, Matthew Anderson and Maciej Brodowicz",
      title =        "High Performance Computing",
      publisher =    "John Wiley \& Sons",
      year =         "2018",
      edition =      "1",
      isbn =         "978-0-12-420158-3",
      timestamp =    "2020.11.26"
    }
     
    @BOOK{existTools_Hadoop,
      author =       "Dirk deRoos",
      title =        "Hadoop For Dummies",
      publisher =    "John Wiley \& Sons",
      year =         "2014",
      edition =      "1",
      isbn =         "978-1-118-60755-8",
      timestamp =    "2020.11.26"
    }
    
    @website{existTools_Spark_introduction,
      author =       "Apache Software Foundation",
      title =        "Apache Spark",
      howpublished = "online",
      year =         "2020",
      url =          "https://databricks.com/spark/about",
      cited =        "2020-11-20"
    }
    
     @website{existTools_Spark_components,
      author =       "Divya Singh",
      title =        "What is the Difference Between Hadoop and Spark?",
      howpublished = "online",
      year =         "2019",
      url =          "https://www.datasciencecentral.com/profiles/blogs/what-is-the-difference-between-hadoop-and-spark",
      cited =        "2020-11-20"
    }
    
    @MASTERSTHESIS{existTools_Spark_RDD,
      author = {Martin Jelínek},
      type = {Diplomová práce},
      title = {Proudové zpracování dat v oblasti síťové bezpečnosti: Apache Spark},
      school = {Masarykova univerzita, Fakulta informatiky},
      year = {2015},
      location = {Brno, CZ},
      language = {czech},
      url = {https://is.muni.cz/th/gan2t/DP-Jelinek.pdf}
    }
    
    @website{existTools_Mesis_whatIsMesis,
      author =       "Apache Software Foundation",
      title =        "What is Mesos? A distributed systems kernel",
      howpublished = "online",
      year =         "2019",
      url =          "https://mesos.apache.org/#cross-platform",
      cited =        "2020-11-20"
    }
    
    @BOOK{existTools_Mesis_howItWorks,
      author =       "Dipa Dubhashi and Akhil Das",
      title =        "Mastering Mesos",
      publisher =    "Packt Publishing",
      year =         "2016",
      edition =      "1",
      isbn =         "9781785886249",
      timestamp =    "2020.11.26"
    }
    
    @MASTERSTHESIS{existTools_Mesis_frameworks,
      author = {Martin Matoušek},
      type = {Diplomová práce},
      title = {Paralelní a distribuované zpracování rozsáhlých textových dat},
      school = {Vysoké učení technické v Brně, Fakulta informačních technologií},
      year = {2017},
      location = {Brno, CZ},
      language = {czech},
      url = {https://www.fit.vut.cz/study/thesis-file/17871/17871.pdf}
    }
    
    @website{existTools_SGE,
      author =       "Sun Microsystems",
      title =        "N1 Grid Engine 6 User’s Guide",
      howpublished = "online",
      year =         "2005",
      url =          "http://www.fit.vutbr.cz/CVT/cluster/SGE-UsersGuide.pdf",
      cited =        "2020-11-28"
    }
    
    @website{Technology_Balsamiq,
      author =       "Marco Botton and others",
      title =        "Balsamiq Studios team",
      howpublished = "online",
      year =         "2020",
      url =          "https://balsamiq.com/company/",
      cited =        "2020-11-20"
    }
    
    @BOOK{Technology_Java,
      author =       "Rudolf Pecinovský",
      title =        "Java 9: Kompletní příručka jazyka",
      publisher =    "Grada Publishing",
      year =         "2017",
      edition =      "1",
      isbn =         "978-80-271-0715-5",
      timestamp =    "2020.11.20"
    }
    
    @website{Technology_Glassfish,
      author =       "Corporation Oracle",
      title =        "GlassFish Server Open Source Edition",
      howpublished = "online",
      year =         "2020",
      url =          "https://www.oracle.com/middleware/technologies/glassfish-server.html",
      cited =        "2020-11-23"
    }
    
    @website{Technology_Java_EE,
      author =       "Rodrigo Graciano",
      title =        "Java EE vs J2EE vs Jakarta EE",
      howpublished = "online",
      year =         "2020",
      url =          "https://www.baeldung.com/java-enterprise-evolution",
      cited =        "2020-11-23"
    }
    
    
    @website{Technology_EJB,
      author =       "Corporation Oracle",
      title =        "Enterprise Beans",
      howpublished = "online",
      year =         "2013",
      url =          "https://docs.oracle.com/javaee/6/tutorial/doc/gijsz.html",
      cited =        "2020-11-23"
    }
    
     @BOOK{Technology_JSF,
      author =       "Bauke Scholtz and Arjan Tijms",
      title =        "The definitive Guide to JSF in Java EE 8",
      publisher =    "Apress",
      year =         "2018",
      edition =      "1",
      isbn =         "9781484233863",
      timestamp =    "2020.11.24"
    }
    
    @BOOK{Technology_Primefaces,
      author =       "Mert Caliskan and Oleg Varaksin",
      title =        "PrimeFaces Cookbook",
      publisher =    "Packt Publishing Ltd.",
      year =         "2015",
      edition =      "2",
      isbn =         "987-1-78439-342-7",
      timestamp =    "2020.11.24"
    }
    
    @website{Technology_Primeflex,
      author =       "Catagay Civici and others",
      title =        "PrimeFlex",
      howpublished = "online",
      year =         "2018",
      url =          "https://github.com/primefaces/primeflex",
      cited =        "2020-11-24"
    }
    
     @website{Technology_JUnit,
      author =       "Stefan Bechtold and Sam Brannen and Johannes Link and Matthias Merdes and Marc Philipp and Juliette de Rancourt and Christian Stein",
      title =        "JUnit 5 User Guide",
      howpublished = "online",
      year =         "2020",
      url =          "https://junit.org/junit5/docs/current/user-guide/",
      cited =        "2020-11-24"
    }
    
     @BOOK{Technology_Hibernate,
      author =       "Christian Bauer",
      title =        "Java Pesistence with Hibernate",
      publisher =    "Manning Publications",
      year =         "2015",
      edition =      "1",
      isbn =         "9781617290459",
      timestamp =    "2020.11.24"
    }
    
    @website{Technology_Omnifaces,
      author =       "Bauk Scholtz and Arjan Tijms",
      title =        "What is Omnifaces?",
      howpublished = "online",
      year =         "2020",
      url =          "https://omnifaces.org/",
      cited =        "2020-11-26"
    }
    
    @website{Technology_Maven,
      author =       "Matthew Tyson",
      title =        "What is Maven?",
      howpublished = "online",
      year =         "2020",
      url =          "https://www.infoworld.com/article/3516426/what-is-maven-build-and-dependency-management-with-apache-maven.html",
      cited =        "2020-11-26"
    }
    
    @website{Technology_MySQL,
      author =       "Emmanuelle Rieuf",
      title =        "History of MySQL",
      howpublished = "online",
      year =         "2016",
      url =          "https://www.datasciencecentral.com/profiles/blogs/history-of-mysql",
      cited =        "2020-11-28"
    }
    
    @website{Technology_Top,
      author =       "Jim C. Warner and James C. Warner",
      title =        "Top",
      howpublished = "online",
      year =         "2020",
      url =          "https://linux.die.net/man/1/top",
      cited =        "2020-11-28"
    }
    
    @website{Technology_HTML,
      author =       "W3Schools",
      title =        "HTML Tutorial",
      howpublished = "online",
      year =         "2020",
      url =          "https://www.w3schools.com/html/default.asp",
      cited =        "2020-11-28"
    }
    
    @website{Technology_CSS,
      author =       "W3Schools",
      title =        "CSS Tutorial",
      howpublished = "online",
      year =         "2020",
      url =          "https://www.w3schools.com/css/default.asp",
      cited =        "2020-11-28"
    }
    
    @website{Technology_C3P0,
      author =       "Steve Waldman",
      title =        "c3p0 - JDBC3 Connection and Statement Pooling",
      howpublished = "online",
      year =         "2019",
      url =          "https://www.mchange.com/projects/c3p0/index.html",
      cited =        "2020-05-09"
    }
    
    %%%%%%%%%%%%%%%%%%%%%%%%%%%%%%%%%%%%%%%%%%%%%%%%%%%%%%%%%%%%%%%%%%%%%%%%%%%%%%%%%%%
    
\begin{comment}
    
    @BOOK{Pravidla,
      author =       "Zdeněk Hlavsa and others",
      title =        "Pravidla českého pravopisu",
      publisher =    "Academia",
      edition =      "2",
      year =         "2009",
      isbn =         "80-200-1327-X",
    }
    
    @BOOK{Knuth,
      author =       "Donald E. Knuth",
      title =        "The {\TeX}book",
      publisher =    "Addison-Wesley Publishing Company",
      year =         "1996",
      isbn =         "0-201-13447-0",
    }
    
    @BOOK{Rybicka,
      author =       "Jiří Rybička",
      title =        "\LaTeX~pro začátečníky",
      publisher =    "Konvoj",
      edition =      "3",
      year =         "2003",
      isbn =         "80-7302-049-1",
    }

    @BOOK{Olsak,
      author =       "Petr Olšák",
      title =        "{\TeX}book naruby",
      publisher =    "Konvoj",
      year =         "2001",
      isbn =         "80-7302-0007-6",
    }

    @BOOK{Eikh,
      author =       "Victor Eikhout",
      title =        "{\TeX}by Topics, a {\TeX}nitian's Reference",
      publisher =    "Addison-Wesley UK",
      year =         "2001",
      isbn =         "0-201-56882-9",
    }

    @website{cstugWeb,
      author =       "Petr Sojka and others",
      title =        "Československé sdružení uživatelů {\TeX}u",
      howpublished = "online",
      url =          "http://www.cstug.cz",
      cited =        "2019-10-02"
    }

    @webpage{fitWeb,
      author =       "Zdena Rábová and Petr Hanáček and Petr Peringer and Petr Přikryl and Bohuslav Křena",
      title =        "Užitečné rady pro psaní práce",
      howpublished = "online",
      publisher =    "FIT VUT v~Brně",
      year =         "2008",
      month =        11,
      url =          "https://www.fit.vut.cz/study/theses/theses-advice/",
      cited =        "2019-10-02"
    }

    @webpage{citace,
      author =       "Zdena Rábová and Petr Hanáček and Petr Peringer and Petr Přikryl and Bohuslav Křena",
      title =        "Pravidla pro bibliografické citace",
      howpublished = "online",
      publisher =    "FIT VUT v Brně",
      year =         "2019",
      month =        3,
      url =          "https://www.fit.vut.cz/study/theses/citations/",
      cited =        "2019-10-02"
    }
   
    @MISC{biblio,
      author =       "Olga Biernátová and Jan Skůpa",
      title =        "Bibliografické odkazy a citace dokumentů",
      howpublished = "online",
      url =          "http://www.citace.com/download/CSN-ISO-690.pdf",
      publisher =    "Citace.com",
      month =        9,
      address =      "Brno",
      year =         "2011",
      cited =        "2019-10-02"
    }
   
    @webpage{formalniBP,
      author =       "Zdena Rábová and Petr Přikryl and Petr Peringer and Petr Lampa and Bohuslav Křena and jaroslav Dytrych and Petr Veigend",
      title =        "Pokyny k~bakalářským pracím a SZZ",
      howpublished = "online",
      year =         "2019",
      url =          "https://www.fit.vut.cz/study/theses/bachelor-theses/",
      cited =        "2019-10-02"
    }
   
    @webpage{formalniDP,
      author =       "Zdena Rábová and Petr Přikryl and Petr Peringer and Petr Lampa and Bohuslav Křena and jaroslav Dytrych and Petr Veigend",
      title =        "Pokyny k~diplomovým pracím a SZZ",
      howpublished = "online",
      year =         "2019",
      url =          "https://www.fit.vut.cz/study/theses/master-theses/",
      cited =        "2019-10-02"
    }
   
    @MISC{smernice,
      key =          "Szz",
      author =       "Petr Štěpánek",
      title =        "Směrnice rektora č. 72/2017 -- Úprava, odevzdávání a zveřejňování závěrečných prací",
      howpublished = "online",
      year =         "2017",
      url =          "https://www.vutbr.cz/uredni-deska/vnitrni-predpisy-a-dokumenty/smernice-c-72-2017-uprava-odevzdavani-a-zverejnovani-zaverecnych-praci-d161410",
      cited =        "2019-10-02"
    }
   
   @MISC{smerniceFIT,
      author =       "Pavel Zemčík",
      title =        "Směrnice děkana č. 7/2018 -- Úprava, odevzdávání a zveřejňování závěrečných prací na FIT VUT v Brně",
      howpublished = "online",
      year =         "2018",
      url =          "https://www.fit.vut.cz/fit/info/smernice/sm2018-07.pdf",
      cited =        "2019-10-02"
    }
   
    @website{prirucka,
      key =          "Cerna",
      author =       "Anna Černá and Jan Chromý and Hana Konečná and others",
      title =        "Internetová jazyková příručka -- Ústav pro jazyk český Akademie věd ČR, v. v. i.",
      howpublished = "online",
      publisher =    "Centrum zpracování přirozeného jazyka FI MU",
      year =         "2019",
      url =          "http://prirucka.ujc.cas.cz/",
      cited =        "2019-10-02"
    }
   
    @website{Herout,
      author =       "Adam Herout",
      title =        {herout.net -- Poznámky učitele, kouče, čtenáře.},
      howpublished = "online",
      year =         "2018",
      url =          "http://www.herout.net/",
      cited =        "2019-10-02"
    }
   
    @webpage{chyby,
      key =          "Szoke",
      author =       "Igor Szöke",
      title =        "Textová část BP/DP -- Lessons learned",
      howpublished = "online",
      year =         "2012",
      url =          "http://blog.igor.szoke.cz/2012/01/textova-cast-bpdp-lessons-learned-1.html",
      cited =        "2019-10-02"
    }
   
    @webpage{rady,
      key =          "Szoke",
      author =       "Igor Szöke",
      title =        "Píšete diplomku? 15+1 rad, které vám pomohou.",
      howpublished = "online",
      year =         "2011",
      url =          "http://blog.igor.szoke.cz/2011/12/pisete-diplomku-151-rad-ktere-vam.html",
      cited =        "2019-10-02"
    }
   
    @webpage{Beran,
      author =       "Vítězslav Beran",
      title =        "Beran-BP DP Projekty",
      howpublished = "online",
      year =         "2017",
      url =          "http://merlin.fit.vutbr.cz/wiki/index.php/Beran-BP_DP_Projekty",
      cited =        "2019-10-02"
    }

    @MISC{BeranPDF,
      author =       "Vítězslav Beran",
      title =        "Jak psát technickou zprávu",
      howpublished = "online",
      year =         "2013",
      url =          "http://www.fit.vutbr.cz/~beranv/podpora/Jak\%20psat\%20technickou\%20zpravu.pdf",
      cited =        "2019-10-00"
    }
   
    @webpage{Cernocky,
      key =          "Cernocky",
      author =       "Jan Černocký",
      title =        "Černocký BP DP -- obecně",
      howpublished = "online",
      year =         "2016",
      url =          "https://merlin.fit.vutbr.cz/wiki/index.php/Cernocky_BP_DP-obecne",
      publisher = "Wiki FIT VUT v Brně",
      cited =        "2019-10-02"
    }
   
    @webpage{CernockyEnglish,
      key =          "Cernocky",
      author =       "Jan Černocký",
      title =        "English SOS",
      howpublished = "online",
      year =         "2016",
      url =          "https://merlin.fit.vutbr.cz/wiki/index.php/English_SOS",
      cited =        "2019-10-02"
    }
   
    @MISC{Zemcik,
      author =       "Pavel Zemčík",
      title =        "Všeobecné pokyny pro studenty a vůbec",
      howpublished = "online",
      year =         "2012",
      url =          "http://www.fit.vutbr.cz/~zemcik/Pokyny.pdf",
      cited =        "2019-10-02"
    }
   
    @BOOK{Lebrun2011,
      author =       "Jean-Luc Lebrun",
      title =        "Scientific Writing 2.0: a reader and writer's guide",
      publisher =    "World Scientific Publishing",
      year =         "2011",
      edition =      "1",
      isbn =         "9814350605",
      owner =        "herout",
      timestamp =    "2015.01.20"
    }
  
    @MASTERSTHESIS{Pysny,
      author = {Radek Py{\v{s}}n{\'{y}}},
      type = {Bakal{\'{a}}{\v{r}}sk{\'{a}} pr{\'{a}}ce},
      title = {BiBTeX styl pro {\v{C}}SN ISO 690 a {\v{C}}SN ISO	690-2},
      school = {Vysok{\'{e}} u{\v{c}}en{\'{i}} technick{\'{e}} v Brn{\v{e}}, Fakulta informa{\v{c}}n{\'{i}}ch technologi{\'{i}}},
      year = {2009},
      location = {Brno, CZ},
      language = {czech},
      url = {https://www.fit.vut.cz/study/thesis/7848/}
    }
\end{comment}